
@misc{wiki:latex,
    key =          "13240150",
    title =        "{LaTeX}",
    howpublished = "[online]",
    month =        "lipiec",
    year =         "2008",
    note =         "[dostęp: 2008-09-10 20:48Z]",
    annote = "Dostępny w Internecie: \url{http://pl.wikipedia.org/wiki/Fullpagename?oldid=13240150}"
}





















